<record><leader>00000cas a2200000 a 4500</leader><controlfield tag="001">11280202</controlfield><controlfield tag="008">841018d18891890ksuwr ne      0   a0eng d</controlfield><datafield ind1=" " ind2=" " tag="010"><subfield code="a">sn 84029874 </subfield></datafield><datafield ind1=" " ind2=" " tag="040"><subfield code="a">KSH</subfield><subfield code="b">eng</subfield><subfield code="c">KSH</subfield><subfield code="d">NPT</subfield><subfield code="d">OCL</subfield><subfield code="d">OCLCQ</subfield></datafield><datafield ind1=" " ind2=" " tag="042"><subfield code="a">msc</subfield></datafield><datafield ind1="0" ind2="4" tag="245"><subfield code="a">The Lane star.</subfield></datafield><datafield ind1=" " ind2=" " tag="260"><subfield code="a">Lane, Kan. :</subfield><subfield code="b">Bertie L. Reed,</subfield><subfield code="c">1889-</subfield></datafield><datafield ind1=" " ind2=" " tag="300"><subfield code="a">v. :</subfield><subfield code="b">ill. ;</subfield><subfield code="c">59 cm.</subfield></datafield><datafield ind1=" " ind2=" " tag="310"><subfield code="a">Weekly</subfield></datafield><datafield ind1="0" ind2=" " tag="362"><subfield code="a">Vol. 1, no. 1 (Mar. 15, 1889)-</subfield></datafield><datafield ind1="1" ind2=" " tag="362"><subfield code="a">Ceased with Apr. 25, 1890 issue?</subfield></datafield><datafield ind1=" " ind2=" " tag="500"><subfield code="a">Published by: Sam Reed, June 7, 1889; Adele D. Reed, June 14-Aug. 30, 1889; W.M. Ambrose, Oct. 18, 1889-</subfield></datafield><datafield ind1=" " ind2=" " tag="500"><subfield code="a">"Independent."</subfield></datafield><datafield ind1=" " ind2=" " tag="752"><subfield code="a">United States</subfield><subfield code="b">Kansas</subfield><subfield code="c">Franklin</subfield><subfield code="d">Lane.</subfield></datafield></record>